@Misc{TypografiaWiki,
author = "Wikipedia.org",
title = "Typografia (umenie)",
howpublished = "[online]",
revised = "Čas poslednej úpravy 11. 06. 2018",
cited = "!2020-04-10",
url = "https://sk.wikipedia.org/wiki/Typografia_(umenie)",
}

@Misc{LatexWiki,
author = "Wikipedia.org",
title = "LaTeX",
howpublished = "[online]",
revised = "Čas poslednej úpravy 26. 10. 2017",
cited = "!2020-04-10",
url = "https://sk.wikipedia.org/wiki/LaTeX",
}

@Misc{MathLatexWiki,
author = "Oeis.org",
title = "List of LaTeX mathematical symbols",
howpublished = "[online]",
revised = "Čas poslednej úpravy 16. 02. 2019",
cited = "!2020-04-10",
url = "https://oeis.org/wiki/List_of_LaTeX_mathematical_symbols",
}

@book{BookKopka,
series = {DTP \& grafika},
publisher = {Computer Press},
isbn = {80-7226-973-9},
year = {2004},
title = {Latex : podrobný průvodce},
edition = {Vyd. 1.},
address = {Brno},
author = {Kopka, Helmut},
keywords = {počítačová typografie vt; zpracování dokumentů in; příručky; LATEX; elektronické zpracování textu; formátování textu; sazba; zpracování textu},
}

@book{BookRybicka,
publisher = {Konvoj},
isbn = {80-7302-049-1},
year = {2003},
title = {Latex pro začátečníky},
edition = {3. vyd.},
address = {Brno},
author = {Rybička, Jiří},
keywords = {počítačová typografie vt; programování vt; příručky; LaTeX; elektronická sazba; sázecí program DTP},
}

@MastersThesis{ThesisBunka,
author = "Roman Buňka",
title = "Možnosti grafiky a prezentace v systémech TeX a LaTeX",
year = "2008",
school = "Vysoké učení technické v Brně. Fakulta elektrotechniky a komunikačních technologií. Ústav telekomunikací",
type = "Bakalárska práca",
}

@MastersThesis{ThesisFabry,
author = "Tomáš Fábry",
title = "Sazba sekvenčních diagramů v prostředí LaTeX",
year = "2011",
school = "Masarykova Univerzita v Brně. Fakulta Informatiky",
type = "Bakalárska práca",
}

@article{ArticleTips,
author = {Merciadri, Luca},
year = {2010},
title = {Some misunderstood or unknown tricks (LaTeX) ; Certaines astuces inconnues ou mal comprises (LaTeX)},
publisher = {TeX Users Group},
number = {3},
issn = {0896-3207},
city = {Providence},
journal = {TUGboat},
pages = {342-344},
volume = {32},
}

@article{ArticleMath,
author = {Charalampos P. Triantafyllidis and Lazaros G. Papageorgiou},
issn = {2376-5992},
journal = {PeerJ Computer Science},
pages = {e161},
volume = {4},
publisher = {PeerJ Inc},
number = {9},
year = {2018},
title = {An integrated platform for intuitive mathematical programming modeling using LaTeX},
url = {https://doaj.org/article/3d2d11ab524a4c8590035b622999971a},
}

@inproceedings{ProceedingMatrix,
author = {Benaddy, Mohamed and El Habil, Brahim},
pages = {1--4},
publisher = {IEEE},
booktitle = {2016 International Conference on Engineering \& MIS (ICEMIS)},
isbn = {9781509055791},
year = {2016},
title = {A programming language for matrices operations and LATEX code generation},
}